% This file was created with JabRef 2.10.
% Encoding: UTF8


@Book{awad2016image,
  Title                    = {Image Feature Detectors and Descriptors: Foundations and Applications},
  Author                   = {Awad, Ali Ismail and Hassaballah, Mahmoud},
  Year                     = {2016},
  Publisher                = {Springer},
  Volume                   = {630}
}

@Article{bay2008speeded,
  Title                    = {Speeded-up robust features (SURF)},
  Author                   = {Bay, Herbert and Ess, Andreas and Tuytelaars, Tinne and Van Gool, Luc},
  Year                     = {2008},
  Number                   = {3},
  Pages                    = {346--359},
  Volume                   = {110},

  Journal                  = {Computer vision and image understanding},
  Publisher                = {Elsevier}
}

@Article{evans2009notes,
  Title                    = {Notes on the opensurf library},
  Author                   = {Evans, Christopher},
  Year                     = {2009},

  Journal                  = {University of Bristol, Tech. Rep. CSTR-09-001, January}
}

@Article{juan2009comparison,
  Title                    = {A comparison of sift, pca-sift and surf},
  Author                   = {Juan, Luo and Gwun, Oubong},
  Year                     = {2009},
  Number                   = {4},
  Pages                    = {143--152},
  Volume                   = {3},

  Journal                  = {International Journal of Image Processing (IJIP)}
}

@Inproceedings{khan2011sift,
  Title                    = {SIFT and SURF performance evaluation against various image deformations on benchmark dataset},
  Author                   = {Khan, Nabeel Younus and McCane, Brendan and Wyvill, Geoff},
  Booktitle                = {Digital Image Computing Techniques and Applications (DICTA), 2011 International Conference on},
  Year                     = {2011},
  Organization             = {IEEE},
  Pages                    = {501--506}
}

@Article{lowe2004distinctive,
  Title                    = {Distinctive image features from scale-invariant keypoints},
  Author                   = {Lowe, David G},
  Year                     = {2004},
  Number                   = {2},
  Pages                    = {91--110},
  Volume                   = {60},

  Journal                  = {International journal of computer vision},
  Publisher                = {Springer}
}

@Article{mikolajczyk2005comparison,
  Title                    = {A comparison of affine region detectors},
  Author                   = {Mikolajczyk, Krystian and Tuytelaars, Tinne and Schmid, Cordelia and Zisserman, Andrew and Matas, Jiri and Schaffalitzky, Frederik and Kadir, Timor and Van Gool, Luc},
  Year                     = {2005},
  Number                   = {1-2},
  Pages                    = {43--72},
  Volume                   = {65},

  Journal                  = {International journal of computer vision},
  Publisher                = {Springer}
}

